@book{bondy,
    title={Graph theory with applications},
    publisher={Wiley},
    author={Bondy, J. A. and Murty, U. S. R.},
    year={2002}
}
@article{trendslgt,
    title = "Trends and barriers to lateral gene transfer in prokaryotes",
    journal = "Current Opinion in Microbiology",
    volume = "14",
    number = "5",
    pages = "615 - 623",
    year = "2011",
    note = "Antimicrobials/Genomics",
    issn = "1369-5274",
    doi = "https://doi.org/10.1016/j.mib.2011.07.027",
    url = "http://www.sciencedirect.com/science/article/pii/S1369527411001111",
    author = "Ovidiu Popa and Tal Dagan"
}
@article{crispgen,
    title = "The CRISPR-Cas immune system: Biology, mechanisms and applications",
    journal = "Biochimie",
    volume = "117",
    pages = "119 - 128",
    year = "2015",
    note = "Special Issue: Regulatory RNAs",
    issn = "0300-9084",
    doi = "https://doi.org/10.1016/j.biochi.2015.03.025",
    url = "http://www.sciencedirect.com/science/article/pii/S0300908415001042",
    author = "Devashish Rath and Lina Amlinger and Archana Rath and Magnus Lundgren",
}
@misc{crispdb,
    author = "{Grissa, I. and  Drevet, C. and  Couvin, D.}",
    title = {{CRISPRdb}},
    howpublished = {\url{http://crispr.i2bc.paris-saclay.fr/}},
    note = {Online; accessed 22 October 2018} ,
    year={2017}
}
@article{selfcrisp,
    title = "Self-targeting by CRISPR: gene regulation or autoimmunity?",
    journal = "Trends in Genetics",
    volume = "26",
    number = "8",
    pages = "335 - 340",
    year = "2010",
    issn = "0168-9525",
    doi = "https://doi.org/10.1016/j.tig.2010.05.008",
    url = "http://www.sciencedirect.com/science/article/pii/S0168952510001083",
    author = "Adi Stern and Leeat Keren and Omri Wurtzel and Gil Amitai and Rotem Sorek"
}
@article {hospital,
    Title = {Horizontal gene transfer-emerging multidrug resistance in hospital bacteria},
    Author = {Dzidic, Senka and Bedeković, Vladimir},
    Number = {6},
    Volume = {24},
    Year = {2003},
    Journal = {Acta pharmacologica Sinica},
    Pages = {519—526},
    url = {http://www.chinaphar.com/1671-4083/24/519.htm},
}
@article{acqorres,
    Author="Bondy-Denomy, J.  and Davidson, A. R. ",
    Title="To Acquire Or Resist:The Complex Biological Effects Of CRISPR-Cas systems",
    Journal="Trends Microbio.",
    Year="2014",
    Volume="22",
    Number="4",
    Pages="218-25",
    doi = "10.1016/j.tim.2014.01.007"
}
@article{transhgt,
    author = {Watson, Bridget N. J. and Staals, Raymond H. J. and Fineran, Peter C.},
    editor = {Bondy-Denomy, Joseph and Gilmore, Michael S.},
    title = {CRISPR-Cas-Mediated Phage Resistance Enhances Horizontal Gene Transfer by Transduction},
    volume = {9},
    number = {1},
    year = {2018},
    doi = {10.1128/mBio.02406-17},
    publisher = {American Society for Microbiology},
    url = {https://mbio.asm.org/content/9/1/e02406-17},
    eprint = {https://mbio.asm.org/content/9/1/e02406-17.full.pdf},
    journal = {mBio}
}
@article{crisprlgt,
    author="Godde, James S.
    and Bickerton, Amanda",
    title="The Repetitive DNA Elements Called CRISPRs and Their Associated Genes: Evidence of Horizontal Transfer Among Prokaryotes",
    journal="Journal of Molecular Evolution",
    year="2006",
    month="6",
    day="01",
    volume="62",
    number="6",
    pages="718--729",
    issn="1432-1432",
    doi ="10.1007/s00239-005-0223-z",
    url ="https://doi.org/10.1007/s00239-005-0223-z"
}
@article{clustering,
   Author="Onnela, J. P.  and Saramaki, J.  and Kertesz, J.  and Kaski, K. ",
   Title="{{I}ntensity and coherence of motifs in weighted complex networks}",
   Journal="Phys Rev E Stat Nonlin Soft Matter Phys",
   Year="2005",
   Volume="71",
   Number="6 Pt 2",
   Pages="065103",
   Month="Jun"
}
@article{newmanmix,
   Author="Newman, M. E. ",
   Title="{{A}ssortative mixing in networks}",
   Journal="Phys. Rev. Lett.",
   Year="2002",
   Volume="89",
   Number="20",
   Pages="208701",
   Month="Nov"
}
@article{modularity,
   Author="Newman, M. E. ",
   Title="{{A}nalysis of weighted networks}",
   Journal="Phys Rev E Stat Nonlin Soft Matter Phys",
   Year="2004",
   Volume="70",
   Number="5 Pt 2",
   Pages="056131",
   Month="Nov"
}
@article{marko,
    author = {Dang, Utkarsh J. and Golding, G. Brian},
    title = {markophylo: Markov chain analysis on phylogenetic trees},
    journal = {Bioinformatics},
    volume = {32},
    number = {1},
    pages = {130-132},
    year = {2016},
    doi = {10.1093/bioinformatics/btv541},
    url = {http://dx.doi.org/10.1093/bioinformatics/btv541},
    eprint = {/oup/backfile/content_public/journal/bioinformatics/32/1/10.1093_bioinformatics_btv541/3/btv541.pdf}
}
@thesis{athena,
    author="Zambelis, A.  and Dang, U. J.  and Golding, G. B.",
    title="Effects of CRISPR-Cas System Presence On Lateral Gene Transfer Rates In Bacteria",
    year="2015",
}
